@book{textbook,
  title={Differential Equations: Linear, Nonlinear, Ordinary, Partial},
  author={King, A. C. and Billingham, J. and Otto, S. R.},
  year={2003},
  publisher={Cambridge University Press},
  isbn={9780521816588}
}
