@inproceedings{shadrin2005,
  title={Twelve Proofs of the Markov Inequality},
  author={A. Shadrin},
  year={2005},
  url={https://api.semanticscholar.org/CorpusID:17028844}
}
@book{king2003,
  title={Differential Equations: Linear, Nonlinear, Ordinary, Partial},
  author={King, A. C. and Billingham, J. and Otto, S. R.},
  year={2003},
  publisher={Cambridge University Press},
  isbn={9780521816588}
}
@book{szego1975,
  author    = {Gábor Szegő},
  title     = {Orthogonal Polynomials},
  publisher = {American Mathematical Society},
  year      = {1939},
  edition   = {4th},
  series    = {Colloquium Publications},
  volume    = {23},
  isbn      = {0821810235}
}
@article{amarkov1889,
  author    = {A. A. Markov},
  title     = {On a question by {D}. {I}. {M}endeleev},
  journal   = {Zapiski Imperatorskoj Akademii Nauk},
  volume    = {62},
  pages     = {1--24},
  year      = {1889},
  note      = {In Russian}
}
@book{vmarkov1892,
  author    = {V. A. Markov},
  title     = {On functions deviating least from zero in a given interval},
  publisher = {Imperial St. Petersburg University},
  year      = {1892},
  pages     = {110},
  note      = {In Russian; German translation in Math. Ann. 77 (1916), 213--258}
}
