@book{textbook,
  title={Differential Equations: Linear, Nonlinear, Ordinary, Partial},
  author={King, A. C. and Billingham, J. and Otto, S. R.},
  year={2003},
  publisher={Cambridge University Press},
  isbn={9780521816588}
}
@book{textcal,
    title={Calculus, Volume 1},
    author={Tom M. Apostol},
    year={1967},
    publisher={Hamilton Printing Company},
    isbn={0471000051}
}
